<?xml version="1.0" encoding="UTF-8"?><collection xmlns="http://www.loc.gov/MARC21/slim"><record><leader>00430nam--2200169-i-4500</leader><controlfield tag="001">000048399</controlfield><controlfield tag="002">20161230</controlfield><controlfield tag="005">20170205231630</controlfield><controlfield tag="008">060222s1000------------r-----000-0-eng-d</controlfield><datafield ind1=" " ind2=" " tag="080"><subfield code="a">536.23:533.271</subfield></datafield><datafield ind1=" " ind2=" " tag="100"><subfield code="a">Shashakov, A. G</subfield></datafield><datafield ind1=" " ind2=" " tag="245"><subfield code="a">Perekrestnye effekty v gazovyh smesiah</subfield></datafield><datafield ind1=" " ind2=" " tag="260"><subfield code="a">Minsk</subfield><subfield code="b">Izd.Nauka I Tehnika</subfield><subfield code="c">1976</subfield></datafield><datafield ind1=" " ind2=" " tag="300"><subfield code="a">159 p</subfield></datafield><datafield ind1=" " ind2=" " tag="700"><subfield code="a">Abramenko, T. N</subfield></datafield><datafield ind1=" " ind2=" " tag="852"><subfield code="a">43812</subfield></datafield><datafield ind1=" " ind2=" " tag="CAT"><subfield code="a">SYS</subfield><subfield code="c">20170205</subfield><subfield code="h">231630</subfield></datafield></record></collection>